@misc{ref:blue-chip,
title = {Blue Chip Publications},
year = {2019}, 
howpublished = "\url{https://lrus.wolterskluwer.com/store/blue-chip-publications}"
}

@article{ref:adjoint-giles,
  added-at = {2010-11-15T09:15:25.000+0100},
  author = {Giles, Michael B. and Pierce, Niles A.},
  biburl = {https://www.bibsonomy.org/bibtex/2c67b95bfad666728188c1f7ad57055ad/toevanen},
  interhash = {33875f10d96cfd46e95eef5f100a3e2e},
  intrahash = {c67b95bfad666728188c1f7ad57055ad},
  journal = {Flow, Turbulence and Combustion},
  keywords = {SA:CA SA:DA survey},
  pages = {393--415},
  timestamp = {2011-02-22T12:20:12.000+0100},
  title = {An Introduction to the Adjoint Approach to Design},
  volume = 65,
  year = 2000
}

@misc{ref:quantopian,
title = {Quantopian},
howpublished = "\url{https://www.quantopian.com}"
}

@book{deFelice:1990,
      author         = "de Felice, Fernando and Clarke, C. J. S.",
      title          = "{Relativity on curved manifolds}",
      publisher      = "Cambridge University Press",
      year           = "1992",
      ISBN           = "9780521429085, 9780521266390",
      SLACcitation   = "%%CITATION = INSPIRE-312813;%%"
}

@book{kennedy-1998,
  title={A Guide to Econometrics},
  author={Kennedy, P.},
  isbn={9780262611831},
  lccn={20045179},
  series={Mit Press},
  year={1998},
  publisher={MIT Press}
}

@book{fabozzi-etal-2014,
  title={Foundations of Financial Markets and Institutions},
  author={Fabozzi, F.J. and Modigliani, F. and Jones, F.J.},
  isbn={9781292021775},
  series={Always learning},
  year={2014},
  publisher={Pearson Education Limited}
}

@book{hastie-etal-2009,
  title={The Elements of Statistical Learning: Data Mining, Inference, and Prediction},
  author={Hastie, T. and Tibshirani, R. and Friedman, J.},
  isbn={9780387848587},
  lccn={2008941148},
  series={Springer Series in Statistics},
  year={2009},
  publisher={Springer New York}
}

@book{rasmussen-williams-2005,
author = {Rasmussen, C. E. and Williams, C. K. I.},
title = {Gaussian Processes for Machine Learning},
year = {2005},
isbn = {026218253X},
publisher = {The MIT Press}
}