@misc{ref:blue-chip,
title = {Blue Chip Publications},
year = {2019}, 
howpublished = "\url{https://lrus.wolterskluwer.com/store/blue-chip-publications}"
}

@article{ref:adjoint-giles,
  added-at = {2010-11-15T09:15:25.000+0100},
  author = {Giles, Michael B. and Pierce, Niles A.},
  biburl = {https://www.bibsonomy.org/bibtex/2c67b95bfad666728188c1f7ad57055ad/toevanen},
  interhash = {33875f10d96cfd46e95eef5f100a3e2e},
  intrahash = {c67b95bfad666728188c1f7ad57055ad},
  journal = {Flow, Turbulence and Combustion},
  keywords = {SA:CA SA:DA survey},
  pages = {393--415},
  timestamp = {2011-02-22T12:20:12.000+0100},
  title = {An Introduction to the Adjoint Approach to Design},
  volume = 65,
  year = 2000
}


